<collection>
  <record>
    <controlfield tag="001">550</controlfield>
    <datafield tag="100" ind1=" " ind2=" ">
      <subfield code="a">McCauley, Thomas</subfield>
    </datafield>
    <datafield tag="245" ind1=" " ind2=" ">
      <subfield code="a">Software to extract the event display format from the CMS primary dataset</subfield>
    </datafield>
    <datafield tag="260" ind1=" " ind2=" ">
      <subfield code="b">CERN Open Data Portal</subfield>
      <subfield code="c">2014</subfield>
    </datafield>
    <datafield tag="264" ind1=" " ind2="0">
      <subfield code="c">2010</subfield>
    </datafield>
    <datafield tag="516" ind1=" " ind2=" ">
      <subfield code="a">Use this with any of the CMS primary datasets</subfield>
    </datafield>
    <datafield tag="520" ind1=" " ind2=" ">
      <subfield code="a">Software to extract the data for the browser-based event display for the CMS Experiment</subfield>
    </datafield>
    <datafield tag="538" ind1=" " ind2=" ">
      <subfield code="a">Software release: CMSSW_4_2_8</subfield>
      <subfield code="i">Use this code with the CMS Open Data VM environment</subfield>
      <subfield code="w">250</subfield>
    </datafield>
    <datafield tag="540" ind1=" " ind2=" ">
      <subfield code="a">GNU General Public License (GPL) version 3</subfield>
    </datafield>
    <datafield tag="567" ind1=" " ind2=" ">
      <subfield code="a">The software produces the objects to be displayed. The configuration file https://github.com/cms-outreach/ispy-analyzers/blob/Run2010B/python/ISpy_AOD_Producer_cff.py defines the objects to write out, which is done in the corresponding cc files in the src directory. No event selection, apart from accepting only the validated runs, is applied.</subfield>
    </datafield>
    <datafield tag="583" ind1=" " ind2=" ">
      <subfield code="a">Only the list of validated runs are accepted:</subfield>
      <subfield code="w">1000</subfield>
    </datafield>
    <datafield tag="693" ind1=" " ind2=" ">
      <subfield code="a">CERN-LHC</subfield>
      <subfield code="e">CMS</subfield>
    </datafield>
    <datafield tag="581" ind1=" " ind2=" ">
      <subfield code="a">See the run instructions in</subfield>
      <subfield code="u">https://github.com/cms-outreach/ispy-analyzers/blob/Run2010B/README.md</subfield>
      <subfield code="y">GitHub</subfield>
    </datafield>
    <datafield tag="787" ind1=" " ind2=" ">
      <subfield code="a">The output are files in json format such as</subfield>
      <subfield code="n">More information on the format can be found at</subfield>
      <subfield code="u">http://cms-outreach.github.io/ispy/#what-is-an-ig-file</subfield>
      <subfield code="y">http://cms-outreach.github.io/ispy/#what-is-an-ig-file</subfield>
      <subfield code="w">600</subfield>
    </datafield>
    <datafield tag="856" ind1="4" ind2=" ">
      <subfield code="u">https://github.com/cms-outreach/ispy-analyzers/tree/Run2010B</subfield>
      <subfield code="u">https://github.com/cms-outreach/ispy-services</subfield>
    </datafield>
    <datafield tag="964" ind1=" " ind2="0">
      <subfield code="c">Run2010B</subfield>
    </datafield>
    <datafield tag="980" ind1=" " ind2=" ">
      <subfield code="a">CMS-Tools</subfield>
    </datafield>
    <datafield tag="980" ind1=" " ind2=" ">
      <subfield code="b">Research</subfield>
    </datafield>
  </record>